<?xml version="1.0" encoding="UTF-8"?><collection xmlns="http://www.loc.gov/MARC21/slim"><record><leader>00380nam--2200133-i-4500</leader><controlfield tag="001">000007447</controlfield><controlfield tag="002">20161230</controlfield><controlfield tag="005">20161230201027</controlfield><controlfield tag="008">060222s1000------------r-----000-0-eng-d</controlfield><datafield ind1=" " ind2=" " tag="100"><subfield code="a">De Maine, Paul A.D.And Seawright, Robert D</subfield></datafield><datafield ind1=" " ind2=" " tag="245"><subfield code="a">Digital computer programs for physical chemistry</subfield></datafield><datafield ind1=" " ind2=" " tag="260"><subfield code="a">Newyork, The Macmillan Co., 1965</subfield></datafield><datafield ind1=" " ind2=" " tag="490"><subfield code="a">Xxvii+493p</subfield></datafield><datafield ind1=" " ind2=" " tag="852"><subfield code="a">681.3.06:541.1</subfield></datafield></record></collection>